If you publish results based on this computation please cite the following:
===========================================================================
@TechReport{petsc-user-ref,
  Author = {Satish Balay and Shrirang Abhyankar and Mark F. Adams and Jed Brown and Peter Brune
            and Kris Buschelman and Lisandro Dalcin and Victor Eijkhout and William D. Gropp
            and Dinesh Kaushik and Matthew G. Knepley
            and Lois Curfman McInnes and Karl Rupp and Barry F. Smith
            and Stefano Zampini and Hong Zhang},
  Title = {{PETS}c Users Manual},
  Number = {ANL-95/11 - Revision 3.6},
  Institution = {Argonne National Laboratory},
  Year = {2015}
}
@InProceedings{petsc-efficient,
  Author = {Satish Balay and William D. Gropp and Lois Curfman McInnes and Barry F. Smith},
  Title = {Efficient Management of Parallelism in Object Oriented Numerical Software Libraries},
  Booktitle = {Modern Software Tools in Scientific Computing},
  Editor = {E. Arge and A. M. Bruaset and H. P. Langtangen},
  Pages = {163--202},
  Publisher = {Birkh{\"{a}}user Press},
  Year = {1997}
}
@Article{slepc-toms,
   author = "Vicente Hernandez and Jose E. Roman and Vicente Vidal",
   title = "{SLEPc}: A Scalable and Flexible Toolkit for the Solution of Eigenvalue Problems",
   journal = "{ACM} Trans. Math. Software",
   volume = "31",
   number = "3",
   pages = "351--362",
   year = "2005"
}
@TechReport{slepc-manual,
   author = "J. E. Roman and C. Campos and E. Romero and A. Tomas",
   title = "{SLEPc} Users Manual",
   number = "DSIC-II/24/02 - Revision 3.6",
   institution = "D. Sistemes Inform\`atics i Computaci\'o, Universitat Polit\`ecnica de Val\`encia",
   year = "2015"
}
===========================================================================
